<?xml version="1.0" encoding="UTF-8"?>
<OAI-PMH xmlns="http://www.openarchives.org/OAI/2.0/" xmlns:xsi="http://www.w3.org/2001/XMLSchema-instance" xsi:schemaLocation="http://www.openarchives.org/OAI/2.0/ http://www.openarchives.org/OAI/2.0/OAI-PMH.xsd">
  <ListRecords>
    <record>
      <header>
        <identifier>aleph-publish:004140387</identifier>
      </header>
      <metadata>
        <record xmlns="http://www.ddb.de/professionell/mabxml/mabxml-1.xsd">
          <leader>00383vM2.01200024------h</leader>
          <controlfield tag="LDR">00383vM2.01200024------h</controlfield>
          <controlfield tag="FMT">MH</controlfield>
          <datafield tag="001" ind1="-" ind2="1">
            <subfield code="a">HT009965981</subfield>
          </datafield>
          <datafield tag="002" ind1="a" ind2="1">
            <subfield code="a">19990302</subfield>
          </datafield>
          <datafield tag="025" ind1="o" ind2="1">
            <subfield code="a">1070982209</subfield>
          </datafield>
          <controlfield tag="030">a|1uc||||||37</controlfield>
          <controlfield tag="050">|||||||||a||||</controlfield>
          <controlfield tag="051">m|||||||</controlfield>
          <datafield tag="070" ind1="-" ind2="1">
            <subfield code="a">5</subfield>
          </datafield>
          <datafield tag="080" ind1="-" ind2="1">
            <subfield code="a">60</subfield>
          </datafield>
          <datafield tag="100" ind1="b" ind2="1">
            <subfield code="p">Stragholz, Heribert</subfield>
          </datafield>
          <datafield tag="331" ind1="-" ind2="1">
            <subfield code="a">Köln find' ich gut!</subfield>
          </datafield>
          <datafield tag="334" ind1="-" ind2="1">
            <subfield code="a">Spiel</subfield>
          </datafield>
          <datafield tag="335" ind1="-" ind2="1">
            <subfield code="a">ein Bilder-Suchspiel für die ganze Familie</subfield>
          </datafield>
          <datafield tag="359" ind1="-" ind2="1">
            <subfield code="a">von Heribert Stragholz</subfield>
          </datafield>
          <datafield tag="410" ind1="-" ind2="1">
            <subfield code="a">Köln</subfield>
          </datafield>
          <datafield tag="412" ind1="-" ind2="1">
            <subfield code="a">Emons</subfield>
          </datafield>
          <datafield tag="425" ind1="a" ind2="1">
            <subfield code="a">1998</subfield>
          </datafield>
          <datafield tag="433" ind1="-" ind2="1">
            <subfield code="a">104 Spielkt. : Ill.</subfield>
          </datafield>
          <datafield tag="437" ind1="-" ind2="1">
            <subfield code="a">Begleith.</subfield>
          </datafield>
          <datafield tag="540" ind1="a" ind2="1">
            <subfield code="a">3-89705-134-6</subfield>
          </datafield>
          <controlfield tag="SYS">004140387</controlfield>
          <datafield tag="LOW" ind1="-" ind2="1">
            <subfield code="a">K0001</subfield>
          </datafield>
          <datafield tag="LOW" ind1="-" ind2="1">
            <subfield code="a">Q0001</subfield>
          </datafield>
          <datafield tag="088" ind1=" " ind2=" ">
            <subfield code="a">5</subfield>
            <subfield code="b">00000090</subfield>
            <subfield code="c">P 99/228</subfield>
            <subfield code="e">ILL Ausleihe</subfield>
          </datafield>
          <datafield tag="088" ind1=" " ind2=" ">
            <subfield code="a">38</subfield>
            <subfield code="b">00000001</subfield>
            <subfield code="c">11M1706</subfield>
            <subfield code="e">ILL Ausleihe</subfield>
          </datafield>
        </record>
      </metadata>
    </record>
  </ListRecords>
</OAI-PMH>
